@article{t2kND280ccqeXSecPaper,
      author         = "Abe, K. and others",
      title          = "{Measurement of the $\nu_\mu$ CCQE cross section on
                        carbon with the ND280 detector at T2K}",
      collaboration  = "T2K",
      year           = "2014",
      eprint         = "1411.6264",
      archivePrefix  = "arXiv",
      primaryClass   = "hep-ex",
      SLACcitation   = "%%CITATION = ARXIV:1411.6264;%%"
}

@article{lbnoSignNormUncertainty,
      author         = "Agarwalla, S. K. and others",
      title          = "{The LBNO long-baseline oscillation sensitivities with
                        two conventional neutrino beams at different baselines}",
      collaboration  = "LAGUNA-LBNO",
      year           = "2014",
      eprint         = "1412.0804",
      archivePrefix  = "arXiv",
      primaryClass   = "hep-ph",
      SLACcitation   = "%%CITATION = ARXIV:1412.0804;%%"
}

@article{protonElectronNuclearModel,
	Author = {V. Ambartsumian and D. Ivanenko},
	Journal = {Compt. Rend. Acad Sci. Paris},
	Title = {Les electrons inobservables et les rayons},
	Volume = {190},
	Issue={},
	Year = {1930},
	Pages={582}
}
@article{maxPlanckPackets,
	Author = {Max Planck},
	Journal = {Annalen der Physik},
	Title = {Ueber das Gesetz der Energieverteilung im Normalspectrum},
	Volume = {309},
	Issue={3},
	Year = {1901},
	Pages={553-563}
}
@article{pdgReference,
      author         = {K. A. Olive and others},
      title          = "{Review of Particle Physics}",
      collaboration  = "Particle Data Group",
      journal        = "Chin. Phys.",
      volume         = "C38",
      year           = "2014",
      pages          = "090001"
}

@article{wolfensteinMatterOscillations,
	Author = {L. Wolfenstein},
	Journal = {Physical Review},
	Title = {Neutrino Oscillations in Matter},
	Volume = {D17},
	Issue={3},
	Year = {1978},
	Pages={2369-2374}
}

@article{solarNeutrinoMassDifference,
	Author = {S.T. Petcov and M. Piai},
	Journal = {Physics Letters B},
	Title = {The {LMA MSW} solution of the solar neutrino problem, inverted neutrino mass hierarchy and reactor neutrino experiments},
	Volume = {533},
	Issue={1-2},
	Year = {2002},
	Pages={94-106}
}
@article{k2kExperiment,
  title = {Measurement of neutrino oscillation by the K2K experiment},
  author = {M.H. Ahn and others},
  journal = {Phys. Rev. D},
  volume = {74},
  issue = {7},
  pages = {072003},
  numpages = {39},
  year = {2006},
  month = {Oct},
  publisher = {American Physical Society},
  doi = {10.1103/PhysRevD.74.072003},
  url = {http://link.aps.org/doi/10.1103/PhysRevD.74.072003}
}

@article{novaExperiment,
      author         = "R.B. Patterson",
      title          = "{The NOvA Experiment: Status and Outlook}",
      collaboration  = "NOvA",
      journal        = "Nucl.Phys.Proc.Suppl.",
      volume         = "235-236",
      pages          = "151-157",
      doi            = "10.1016/j.nuclphysbps.2013.04.005",
      year           = "2013",
      eprint         = "1209.0716",
      archivePrefix  = "arXiv",
      primaryClass   = "hep-ex",
      reportNumber   = "FERMILAB-CONF-12-508-PPD",
      SLACcitation   = "%%CITATION = ARXIV:1209.0716;%%",
}
    
@article{minosExperiment,
  author={J. Evans},
  title={The MINOS experiment: results and prospects},
  journal={arXiv:1307.0721},
  year={2013}
}
 
@article{electronNeutrinoMassTritium,
  author={C. Kraus and others},
  title={Final Results from phase II of the Mainz Neutrino Mass Search in Tritium $\beta$ Decay},
  journal={Eur. Phys. J},
  volume={C40},
  pages={447-468},
  year={2005}}
  
@article{fogliNeutrinoPlots,
  title = {Global analysis of neutrino masses, mixings, and phases: Entering the era of leptonic {CP} violation searches},
  author = {G.L. Fogli and E. Lisi and A. Marrone and D. Montanino and A. Palazzo and A.M. Rotunno},
  journal = {Phys. Rev. D},
  volume = {86},
  issue = {1},
  pages = {013012},
  numpages = {10},
  year = {2012},
  month = {Jul},
  publisher = {American Physical Society},
  doi = {10.1103/PhysRevD.86.013012},
  url = {http://link.aps.org/doi/10.1103/PhysRevD.86.013012}
}

@article{pionDecayModes,
	Author = {C. Amsler and others (Particle Data Group)},
	Journal = {Physics Letters},
	Title = {Particle Listings - ${\pi^{\pm}}$},
	Volume = {B667},
	Year = {2008}
}

@article{kaonDecayModes,
	Author = {J. Beringer and others (Particle Data Group)},
	Journal = {Phys. Rev.},
	Volume = {D86},
	Year = {2012}
}
	
@article{MSWeffect,
	Author = {S. P.  Mikheev and A. Y. Smirnov},
	Journal = {Sov. J. Nucl. Phys.},
	Title = {Precision Electroweak Measurements on the Z Resonance},
	Volume = {42},
	Issue={},
	Year = {1985},
	Pages={913-917}
}
	
@article{ZMassResonance,
	Author = {S. Schael and others},
	Journal = {Phys. Rept.},
	Volume = {427},
	Issue={5-6},
	Year = {2006},
	Pages={257-454}
}

@article{einsteinQuanta,
	Author = {Albert Einstein},
	Journal = {Annalen der Physik},
	Title = {\"{U}ber einen die Erzeugung und Verwandlung des Lichtes betreffenden heuristischen Gesichtspunkt},
	Volume = {322},
	Issue={6},
	Year = {1905},
	Pages={132-148}
}

@article{einsteinPhoton,
	Author = {Albert Einstein},
	Journal = {Physikalische Zeitschrift},
	Title = {\"{U}ber die Entwicklung unserer Anschauungen \"{u}ber das Wesen und die Konstitution der Strahlung},
	Volume = {10},
	Year = {1909},
	Pages={817-825}
}

@article{compton,
	Author = {A. H. Compton},
	Journal = {Physical Review},
	Title = {A Quantum Theory of the Scattering of X-Rays by Light Elements},
	Volume = {21},
	Year = {1923},
	Pages={483-502}
}

@article{photonName,
	Author = {G. N. Lewis},
	Journal = {Nature},
	Title = {The Conservation of Photons},
	Volume = {118},
	Issue = {2981},
	Year = {1926},
	Pages={874-875}
}

@article{nuCrossSectionZeller,
	Author = {G. P. Zeller},
	Journal = {J. Phys. Conf. Ser.},
	Title = {Low energy neutrino cross sections from K2K, MiniBooNE, SciBooNE, and MINERvA},
	Volume = {136},
	Issue = {},
	Year = {2008},
	Pages={22-28}
}
@article{nuCrossSectionZeller2,
  title = {From eV to EeV: Neutrino cross sections across energy scales},
  author = {J.A. Formaggio and G.P. Zeller},
  journal = {Rev. Mod. Phys.},
  volume = {84},
  issue = {3},
  pages = {1307--1341},
  numpages = {0},
  year = {2012},
  month = {Sep},
  publisher = {American Physical Society},
  doi = {10.1103/RevModPhys.84.1307},
  url = {http://link.aps.org/doi/10.1103/RevModPhys.84.1307}
}

@article{laguna1,
	Author = {Thomas Patzak},
	Journal = {J. Phys. Conf. Ser.},
	Title = {LAGUNA-LBNO: Large Apparatus studying Grand Unification and Neutrino Astrophysics and Long Baseline Neutrino Oscillations},
	Volume = {375},
	Year = {2012}}

@article{mwpcCharpak,
	Author = {G Charpak and others},
	Journal = {Nucl. Instrum. Methods},
	Title = {},
	Volume = {262},
	Year = {1968}}

@article{gasDetectors,
	Author = {Maxim Titov},
	Journal = {arXiv:1008.3736},
	Title = {Gaseous Detectors: recent developments and applications},
	Year = {2010}}

@article{grunSchopper,
	Author = {A.E. Gr\"{u}n and E.Z. Schopper},
	Journal = {Naturforsch},
	Volume = {6A},
	Issue={698},
	Year = {1951}}
	
@misc{website:modes,
	Author = {Giuseppe Viesti},
	Month = {January},
	Title = {Modes-snm: http://www.modes-snm.eu},
	Url = {http://www.modes-snm.eu},
	Year = {2012},
	Bdsk-Url-1 = {http://www.modes-snm.eu}}

@article{BetaDecay,
	Author = {F.A. Scott},
	Journal = {Phys. Rev},
	Pages = {391-395},
	Title = {Energy {S}pectrum of the {B}eta-{R}ays of {R}adium {E}},
	Volume = {48},
	Year = {1935}}

@article{Chadwick,
	Author = {J. Chadwick},
	Journal = {Nature},
	Pages = {312},
	Title = {Possible {E}xistence of a {N}eutron},
	Volume = {129},
	Year = {1932}}

@article{Cowan,
	Author = {C. Cowan and others},
	Journal = {Science},
	Pages = {103},
	Title = {Detection of the free neutrino: {A} confirmation},
	Volume = {124},
	Year = {1956}}

@article{NuMu,
	Author = {G. Dandy and others},
	Journal = {Phys. Rev. Lett},
	Pages = {36-44},
	Title = {Observation of {H}igh-{E}nergy {N}eutrino {R}eactions and the {E}xistence of {T}wo {K}inds of {N}eutrinos},
	Volume = {9},
	Year = {1962}}

@article{NuTau,
	Author = {{DONUT Collaboration}},
	Journal = {Phys. Lett. B},
	Pages = {218-224},
	Title = {Observation of {T}au {N}eutrino {I}nteractions},
	Volume = {504},
	Year = {2001}}

@article{NuSolar,
	Author = {Q. R. Ahmed and others},
	Journal = {Phys. Rev. Lett.},
	Number = {071301},
	Title = {Measurement of the rate of interactions produced by $^{8}${B} solar neutrinos at the {S}udbury {N}eutrino {O}bservatory},
	Volume = {87},
	Year = {2001}}

@article{Bruno,
	Author = {B.Pontecorvo},
	Journal = {Zh.Eksp.Teor.Fiz},
	Number = {549},
	Volume = {33},
	Year = {1957}}

@article{Solar,
	Author = {R. Davis and D. S. Harmer and K.C. Hoffman},
	Journal = {Phys. Rev. Lett},
	Pages = {1205-1209},
	Title = {Search for neutrinos from the {S}un},
	Volume = {20},
	Year = {1968}}
	
@article{SolarFlux,
	Author = {John N Bahcall and Carlos Pena-Garay},
	Journal = {New J. Phys.},
	Title = {Solar models and solar neutrino oscillations},
	Volume = {6},
	Year = {2004}}

@phdthesis{georgeThesis,
	Author = {Georgios Christodoulou},
	School = {University of Liverpool},
	Title = {A measurement of the electron neutrino component in the {T2K} beam using the tracker detectors and the electromagnetic calorimeter at the near detector {ND280}},
	Year = {2011}}

@article{oscParameters,
	Author = {Thomas Schwetz and Mariam Tortola and J. W. F. Valle},
	Journal = {arXiv:1103.0734v2},
	Title = {Global neutrino data and recent reactor fluxes: status of three-flavour oscillation parameters},
	Year = {2011}}

@article{T2Ktheta13,
	Author = {K. Abe and others (T2K Collaboration)},
	Journal = {Phys. Rev. Lett.},
	Number = {041801},
	Title = {Indication of Electron Neutrino Appearance from an Accelerator-Produced Off-Axis Muon Neutrino Beam},
	Volume = {107},
	Year = {2011}}

@article{DayaBaytheta13,
	Author = {V. Barger and D. Marfatia and K. Whisnant},
	Journal = {Phys. Rev.},
	Number = {073023},
	Title = {Observation of electron-antineutrino disappearance at {D}aya {B}ay},
	Volume = {D65},
	Year = {2012}}

@article{RENO,
	Author = {S. Agostinelli and others},
	Journal = {arXiv:1204.0626v2},
	Title = {Observation of Reactor Electron Antineutrino Disappearance in the RENO Experiment},
	Year = {2012}}

@article{magicBaseline1,
	Author = {Sushant K. Raut and Ravi Shanker Singh and S. Uma Sankar},
	Journal = {arXiv:0908.3741v1},
	Title = {Magical properties of 2540 Km baseline {S}uperbeam {E}xperiment},
	Year = {2009}}

@article{magicBaseline2,
	Author = {A. Yu. Smirnov},
	Journal = {arXiv:0610198v2},
	Title = {Neutrino oscillations: {W}hat is magic about the "magic" baseline?},
	Year = {2006}}

@article{magicBaseline3,
	Author = {Amol Dighe and Srubabati Goswami and Shamayita Ray},
	Journal = {Phys.Rev.Lett.},
	Number = {261802},
	Title = {2540 km: {B}imagic baseline for neutrino oscillation parameters},
	Volume = {105},
	Year = {2010}}

@article{MEMPHYS,
	Author = {A. de Bellefon and others},
	Journal = {arXiv:0607026v1},
	Title = {{MEMPHYS}: A large scale water {C}erenkov detector at {F}rejus},
	Year = {2006}}

@article{GLACIER,
	Author = {A. Badertscher and others},
	Journal = {arXiv:1001.0076v1},
	Title = {{G}iant {L}iquid {A}rgon {O}bservatory for {P}roton {D}ecay, {N}eutrino {A}strophysics and {CP}-violation in the Lepton Sector ({GLACIER})},
	Year = {2009}}

@article{LENA,
	Author = {M. Wurm and others},
	Journal = {arXiv:11045620v3},
	Title = {The next-generation liquid-scintillator neutrino observatory {LENA}},
	Year = {2012}}

@article{LAGUNA,
	Author = {{The LAGUNA consortium}},
	Journal = {arXiv:1001.0077v1},
	Title = {The {LAGUNA} design study towards giant liquid based underground detectors for neutrino physics and astrophysics and proton decay searches},
	Year = {2009}}

@article{lbnoEoI,
	Author = {{The LAGUNA consortium}},
	Title = {Expression of Interest for a very long baseline neutrino oscillation experiment {(LBNO)}},
	Year = {2012}}

@article{t2kExperiment,
	Author = {{The T2K Collaboration}},
	Journal = {Nuclear Instruments and Methods in Physics Research Section A: Accelerators, Spectrometers, Detectors and Associated Equipment},
	Pages = {106-135},
	Title = {The {T2K} {E}xperiment},
	Volume = {659},
	Year = {2011}}

@article{sageExperiment,
  title = {Measurement of the solar neutrino capture rate with gallium metal},
  author = {J.N Abdurashitov and others},
  journal = {Phys. Rev. C},
  volume = {60},
  issue = {5},
  pages = {055801},
  numpages = {32},
  year = {1999},
  month = {Oct},
  publisher = {American Physical Society},
  doi = {10.1103/PhysRevC.60.055801},
  url = {http://link.aps.org/doi/10.1103/PhysRevC.60.055801}
}


@Article{imbExperiment,
 author        = "R. Becker-Szendy and others",
 collaboration = "IMB",
 title         = "The electron-neutrino and muon-neutrino content of the atmospheric flux",
 journal       = "Phys. Rev.",
 volume        = "D46",
 pages         = "3720-3724",
 year          = "1992",
}

@Article{dayaBayExperiment,
	Author = {Daya Bay Collaboration},
	Journal = {arxiv:hep-ex/0701029v1},
	Title = {A Precision Measurement of the Neutrino Mixing Angle $\theta_{13}$ using Reactor Antineutrinos at Daya Bay},
	Year = {2007}
}

@article{renoExperiment,
  title = {Observation of Reactor Electron Antineutrinos Disappearance in the RENO Experiment},
  author = {J. K. Ahn and others},
  journal = {Phys. Rev. Lett.},
  volume = {108},
  issue = {19},
  pages = {191802},
  numpages = {6},
  year = {2012},
  month = {May},
  publisher = {American Physical Society},
  doi = {10.1103/PhysRevLett.108.191802},
  url = {http://link.aps.org/doi/10.1103/PhysRevLett.108.191802}
}

@article{choozExperiment,
  title = {Indication of Reactor ${\overline{\ensuremath{\nu}}}_{e}$ Disappearance in the Double Chooz Experiment},
  author = {Y. Abe and others},
  journal = {Phys. Rev. Lett.},
  volume = {108},
  issue = {13},
  pages = {131801},
  numpages = {7},
  year = {2012},
  month = {Mar},
  publisher = {American Physical Society},
  doi = {10.1103/PhysRevLett.108.131801},
  url = {http://link.aps.org/doi/10.1103/PhysRevLett.108.131801}
}

@article{snoExperiment,
title = "The Sudbury Neutrino Observatory ",
journal = "Nuclear Instruments and Methods in Physics Research Section A: Accelerators, Spectrometers, Detectors and Associated Equipment ",
volume = "449",
number = "1–2",
pages = "172 - 207",
year = "2000",
note = "",
issn = "0168-9002",
doi = "http://dx.doi.org/10.1016/S0168-9002(99)01469-2",
url = "http://www.sciencedirect.com/science/article/pii/S0168900299014692",
author = "J Boger and others"
}

@article{gnoExperiment,
      author = "N. Ferrari and S. d'Angelo and W. Hampel and K. Ebert and G. Cerichelli",
      title          = "{GALLIUM NEUTRINO OBSERVATORY}",
      SLACcitation   = "%%CITATION = INSPIRE-1110562;%%",
}

@article{modesNORM,
	Author = {J. Ely and others},
	Journal = {Nuclear Instruments and Methods in Physics Research Section A: Accelerators, Spectrometers, Detectors and Associated Equipment},
	Pages = {373-387},
	Title = {The use of energy windowing to discriminate SNM from NORM in radiation portal monitors},
	Volume = {560},
	Year = {2006}}

@article{modesRPMFalse,
	Author = {R. T. Kouzes and E. R. Siciliano},
	Journal = {Radiation Measurements},
	Pages = {499-512},
	Title = {The response of radiation portal monitors to medical radionuclides at border crossings},
	Volume = {41},
	Year = {2006}}

@article{modesIAEABorder,
	Author = {{IAEA}},
	Series = {1312},
	Title = {Detection of Radioactive Materials at Borders (Technical Document)},
	Year = {2002}}

@proceedings{rutherfordNeutron,
	Author = {E. Rutherford},
	Series = {Proceedings of the Royal Society},
	Title = {Bakerian Lecture: Nuclear Constitution of Atoms},
	Year = {1920}
}

@article{sandstone,
	Author = {M. Buhler-Broglin and others},
	Journal = {{CERN AC N}ote},
	Title = {General description of the {CERN} project for a neutrino beam to {G}ran {S}asso ({CNGS})},
	Year = {2000}}

@article{beam,
	Author = {A. Longin},
	Journal = {PoS},
	Title = {Optimization of neutrino fluxes for {E}uropean {S}uper-{B}eams},
	Volume = {325},
	Year = {2010}
}
@article{bodekYangModel,
	Author = {A. Bodek and U. K. Yang},
	Journal = {J. Phys.},
	Title = {Higher twist, {$\xi_\omega$} scaling, and effective {LO PDF}s for lepton scattering in the few {G}e{V} region},
	Volume = {G29},
	Pages = {1899-1906},
	Year = {2003}
}

@article{reinSehgalModel,
	Author = {D. Rein and L.M. Sehgal},
	Journal = {Phys.Lett.},
	Title = {{PCAC} and the {D}eficit of {F}orward {M}uons in {$\pi^{+}$} {P}roduction by {N}eutrinos},
	Volume = {B657},
	Pages = {207-209},
	Year = {2007}
}

@article{reinSehgalModel2,
	Author = {D. Rein and L.M. Sehgal},
	Journal = {Ann. Phys.},
	Title = {{N}eutrino-excitation of baryon resonances and single pion production},
	Volume = {133},
	Pages = {79-153},
	Year = {1981}
}

@article{lbnoNDTechNote,
	Author = {A. Curioni and E. Noah and Y. Karadzhov and T. Stainer},
	Title = {{LBNO Near Detector Description - Technical Note}},
	Year = {2013}
}

@proceedings{modesInternal,
	Title = {{MODES}{$-$}{SNM} internal collaboration - Deliverable},
	Journal = {Internal Document},
	Year = {2014}}
	
@proceedings{lbnoInternal,
	Title = {{LAGUNA}{$-$}{LBNO} internal document},
	Year = {2013}}
	
@proceedings{lbnoInternalCurioni,
	Title = {{LAGUNA}{$-$}{LBNO} internal presentation},
	Author = {A. Curioni},
	Year = {2013}}

@proceedings{internalT2K,
	Title = {{T2K ND280} {C}onceptual {D}esign {R}eport ({T2K} internal document)},
	Author = {{The T2K Collaboration - ND280 Group}},
	Year = {2005}}

@article{t2kNim,
title = "Time projection chambers for the {T2K} near detectors ",
journal = "Nuclear Instruments and Methods in Physics Research Section A: Accelerators, Spectrometers, Detectors and Associated Equipment ",
volume = "637",
number = "1",
pages = "25 - 46",
year = "2011",
note = "",
issn = "0168-9002",
doi = "http://dx.doi.org/10.1016/j.nima.2011.02.036",
url = "http://www.sciencedirect.com/science/article/pii/S0168900211003421",
author = "N. Abgrall and others" }

@article{GlucksternFormula,
title = "Uncertainties in track momentum and direction, due to multiple scattering and measurement errors ",
journal = "Nuclear Instruments and Methods ",
volume = "24",
number = "0",
pages = "381 - 389",
year = "1963",
note = "",
issn = "0029-554X",
doi = "http://dx.doi.org/10.1016/0029-554X(63)90347-1",
url = "http://www.sciencedirect.com/science/article/pii/0029554X63903471",
author = "R.L. Gluckstern"
}

@manual{fluka,
    address = {Geneva},
    author = {A. Ferrari and R. Paola Sala and A. Fass\`{o} and Johannes Ranft},
    doi = {10.5170/CERN-2005-010},
    posted-at = {2013-06-04 19:34:11},
    publisher = {CERN},
    title = {{FLUKA : A multi-particle transport code}},
    year = {2005}
}
	
@article{GENIE,
	Author = {Andreopoulos, C and others},
	Journal = {Nucl. Instrum. Meth.},
	Pages = {87-104},
	Title = {The {GENIE} {N}eutrino {M}onte {C}arlo {G}enerator},
	Volume = {A614},
	Year = {2010}}

@article{neutrinoCrossSections,
	Title = {From e{V} to {EeV}: {N}eutrino Cross Sections Across Energy Scales},
  	author = {J. A. Formaggio and G.P. Zeller},
  	journal = {Rev. Mod. Phys.},
  	volume = {84},
  	issue = {3},
  	pages = {1307-1341},
  	year = {2012},
  	month = {Sep},
  	publisher = {American Physical Society},
  	doi = {10.1103/RevModPhys.84.1307},
  	url = {http://link.aps.org/doi/10.1103/RevModPhys.84.1307}}

@misc{geant4PhysicsManual,
  	note = {Accessed: 2014-08-25},
	Title = {Geant4 Physics Reference Manual},
  	howpublished = {\url{http://geant4.web.cern.ch/geant4/UserDocumentation/UsersGuides/PhysicsReferenceManual/BackupVersions/V10.0/fo/PhysicsReferenceManual.pdf}} 
  }
  
@misc{rotterdamStats,
  	note = {Accessed: 2015-07-04},
	Title = {Port Statistics 2014},
  	howpublished = {\url{https://www.portofrotterdam.com/en/the-port/port-facts-and-figures}} 
  }
	
@article{GEANT,
	Author = {S. Agostinelli and others},
	Journal = {Nuclear {I}nstruments and {M}ethods in {P}hysics {R}esearch {S}ection {A}: {A}ccelerators, {S}pectrometers, {D}etectors and {A}ssociated {E}quipment},
	Pages = {250-303},
	Title = {Geant4 - a simulation toolkit},
	Volume = {506},
	Year = {2003}}

@article{T2Kexperiment2,
	Author = {Yuichi Oyama},
	Journal = {arXiv:1108.4457v1},
	Title = {Current status of the T2K experiment},
	Year = {2011}}

@article{CPviolation,
	Author = {Sanjib Kumar Agarwalla and Tracey Li and Andre Rubbia},
	Journal = {arXiv:1109.6526v1},
	Title = {An incremental approach to unravel the neutrino mass hierarchy and {CP} violation with a long-baseline Superbeam for large $\theta_{13}$},
	Year = {2011}}

@article{ROOT,
	Author = {Rene Brun and Fons Rademakers},
	Title ={{ROOT - An Object Oriented Data Analysis Framework}},
	Journal = {Nuclear Instruments and Methods in Physics Research Section A: Accelerators, Spectrometers, Detectors and Associated Equipment},	
	Year={1997},
	Volume = {389},
	Pages={81-86}
}

@Book{knollRadiation,
 author    = {Glenn F. Knoll},
 publisher = {John Wiley \& Sons},
 title     = {Radiation Detection and Measurement},
 year      =  {1999},
 isbn      = {978-0-471-07338-3}
}

@Book{driftDetectorsBook,
 author    = {Walter Blum and Werner Riegler and Luigi Rolandi},
 publisher = {Springer},
 title     = {{P}article {D}etection with {D}rift {C}hambers},
 year      =  {2008},
 isbn      = {978-3-540-76683-4}
}


@Book{neutrinoPathInRock,
 author    = {D. J. Blundell and R. Freeman and Stephan Mueller},
 publisher = {Cambridge University Press},
 title     = {A Continent Revealed: The European Geotraverse, Structure and Dynamic Evolution},
 year      =  {1992},
 isbn      = {9780521429481}
}

@article{kamiokandeExperiment,
 author    = {C.W. Walter},
 Journal = {arXiv:0802.1041},
 title     = {The Super-Kamiokande Experiment},
 year      =  {2008},
}

@article{kamLand,
  title = {{Precision Measurement of Neutrino Oscillation Parameters with KamLAND}},
  author = {S. Abe and others},
  journal = {Phys. Rev. Lett.},
  volume = {100},
  issue = {22},
  pages = {221803},
  numpages = {5},
  year = {2008},
  month = {Jun},
  publisher = {American Physical Society},
}

@article{borexino,
title = "Borexino ",
journal = "Nuclear Physics B - Proceedings Supplements ",
volume = "168",
pages = "111 - 114",
year = "2007",
note = "Proceedings of the Neutrino Oscillation Workshop ",
author = "Gioacchino Ranucci"
}

@Book{giuntiNeutrino,
 author    = {C. Guinti and Chung W. Kim},
 publisher = {Oxford University Press},
 title     = {Fundamentals of Neutrino Physics and Astrophysics},
 year      =  {2007},
 isbn      = {978-0-19-850871-7}
}

@article{gallexExperiment,
title = "The {GALLEX} solar neutrino experiment ",
journal = "Nuclear Physics B - Proceedings Supplements ",
volume = "60",
number = "3",
pages = "20 - 29",
year = "1998",
note = "",
issn = "0920-5632",
doi = "http://dx.doi.org/10.1016/S0920-5632(97)00498-2",
url = "http://www.sciencedirect.com/science/article/pii/S0920563297004982",
author = "D. Vignaud"
}

@Book{nobleGasDetectors,
 author    = {Elena Aprile and Aleksey Bolotnikov and Alexander Bolozdynya and Tadayoshi Doke},
 publisher = {Wiley-VCH},
 title     = {Noble Gas Detectors},
 year      =  {2006},
 isbn      = {978-3-527-40597-8}
}

@misc{heathrowStats,
  note = {Accessed: 2014-06-30},
author = {{Heathrow Airport}},
title = {Heathrow Statistics Page},
  howpublished = {\url{http://www.heathrowairport.com/about-us/investor-centre/results-and-performance/traffic-statistics}} }
  
@misc{identifinderFlir,
  note = {Accessed: 2014-06-30},
author = {Flir},
title = {identiFINDER Technical Data},
  howpublished = {\url{ http://gs.flir.com/uploads/file/products/data-sheets/DS-identiFINDER2-en.pdf}} 
}

@misc{nistDatabase,
  note = {Accessed: 2014-07-21},
author = {M.J. Berger and others},
title = {XCOM: Photon Cross Sections Database},
  howpublished = {\url{http://physics.nist.gov/PhysRefData/Xcom/html/xcom1.html}} 
}

@misc{nobleGasAbundance,
  note = {Accessed: 2014-08-26},
author = {{National Weather Service}},
title = {The Atmosphere},
  howpublished = {\url{http://www.srh.noaa.gov/jetstream//atmos/atmos_intro.htm}} 
}
  
@article{endfLibrary,
title = "{ENDF/B-VII.1} Nuclear Data for Science and Technology: Cross Sections, Covariances, Fission Product Yields and Decay Data",
journal = "Nuclear Data Sheets",
volume = "112",
number = "12",
pages = "2887 - 2996",
year = "2011",
note = "Special Issue on ENDF/B-VII.1 Library",
issn = "0090-3752",
doi = "10.1016/j.nds.2011.11.002",
url = "http://www.sciencedirect.com/science/article/pii/S009037521100113X",
author = "M.B. Chadwick and M. Herman and P. Oblo{\v z}insk{\' y} and others" }

@article{helium3Shortage,
title = {The Helium-3 Shortage: Supply, Demand, and Options for Congress},
author = {Dana A. Shea and Daniel Morgan},
journal = {Congressional Research Service},
year = {2010}
}

@article{GDML,
title = {{G}eometry {D}escription {M}arkup {L}anguage for {P}hysics {S}imulation and {A}nalysis {A}pplications },
author = {R. Chytracek, J. McCormick, W. Pokorski and G. Santin},
journal = {IEEE Trans. Nucl. Sci.},
volume ={53},
issue = {5},
pages={2892-2896}
}

@article{helium4Detectors,
title = {Fast neutron detection with pressurized $^{4}${He} scintillation detectors},
author = {R. Chandra and others},
journal ={Journal of Instrumentation},
year = {2012}}

@article{xenonScintDetectors,
	author = {F. Resnati and others},
	journal = {arXiv:1212.4050},
	title = {Suitability of high-pressure xenon as scintillator for gamma ray spectroscopy},
	year = {2012}
}

@article{IEC62244,
	author = {{IEC}},
	journal = {INTERNATIONAL STANDARD IEC 62244},
	title = {Radiation protection instrumentation Installed radiation monitors for the detection of radioactive and special nuclear materials at national borders},
	year = {2006}
}

@article{cf252Neutrons,
	author = {A. B. Smith and P. R. Fields and J. H. Roberts},
	title = {Spontaneous Fission Neutron Spectrum of $^{252}${Cf}},
	journal = {Physical Review},
	year = {1957},
	volume = {108},
	number = {2}
}

@article{xenonDetectorsBolotnikov,
	author = {Aleksey Bolotnikov and Brian Ramsey},
	title = {The spectroscopic properties of high-pressure xenon},
	journal = {Nucl. Instr. and Meth.},
	year = {1997},
	volume = {396},
	pages = {360-370}
}

@article{passFailStats,
	author = {David Gilliam and Stefan Leigh and Andrew Rukhin and William Strawderman},
	title = {Pass-Fail Testing: Statistical Requirements and Interpretations},
	journal = {Journal of Research of the National Institute of Standards and Technology},
	year = {2009},
	volume = {114},
	number = {3}
}

@article{glacierRubbia,
	author = {A. Rubbia},
	title = {Towards GLACIER, an underground giant liquid argon neutrino detector},
	journal = {J. Phys. Conf},
	year = {2012},
	volume = {375}
}

@article{LlewellynSmith,
      author         = "C.H. Llewellyn Smith",
      title          = "{Neutrino Reactions at Accelerator Energies}",
      journal        = "Phys.Rept.",
      volume         = "3",
      pages          = "261-379",
      doi            = "10.1016/0370-1573(72)90010-5",
      year           = "1972"
}

@article{argonDensities,
	author = {R. Gilgen and R. Kleinrahm and W. Wagner},
	title = {Measurement and correlation of the (pressure, density, temperature) relation of argon I. The homogeneous gas and liquid regions in the temperature range from 90 K to 340 K at pressures up to 12 MPa},
	journal = {Journal of Chemical Thermodynamics},
	year = {1994},
	volume = {26},
	pages = {383-398}
}

@misc{hamamatsuPMT,
  note = {Accessed: 2014-07-23},
author = {Hamamatsu},
title = {PHOTOMULTIPLIER TUBE R580},
  howpublished = {\url{http://www.hamamatsu.com/us/en/R580.html}} 
}

@misc{swissRadonLevels,
  note = {Accessed: 2014-08-12},
author = {{Federal Office of Public Health FOPH}},
title = {Radon risk in Switzerland},
  howpublished = {\url{http://www.bag.admin.ch/themen/strahlung/00046/11952/index.html?lang=en}} 
}


@misc{cernBeamLayoutPic,
  note = {Accessed: 2014-08-20},
author = {CERN},
title = {CERN beam complex},
  howpublished = {\url{http://cern-accelerators-optics.web.cern.ch/cern-accelerators-optics}} 
}

@ARTICLE{radiationLengthsBook,
author = {{Amsler}, C. and others ({P}article {D}ata {G}roup)},
title = "{Review of Particle Physics}",
journal = "{Physics Letters B}",
year = {2008},
volume = {667}
}

@misc{xenonProduction,
author = {Richard Betzendahl},
title = {Rare Gases: A fast growing global commodity},
 note = {Accessed: 2015-06-21},
  howpublished = {\url{http://bgcspecgas.com/media/Rare$20Gases$20Supply$20$26$20Demand$206-07.pdf}}
}

@Book{argonProduction,
 author    = {J. Emsley},
 publisher = {Oxford University Press},
 title     = {Natures Building Blocks},
 year      =  {2001},
 pages ={44-45},
 isbn      = {978-0-19-960563-7}
}

@ARTICLE{neutrinoReactorMonitoring,
author = {A. Bernstein and others},
title = {Nuclear reactor safeguards and monitoring with antineutrino detectors},
journal = "{J. Appl. Phys.}",
year = {2002},
volume = {91},
issue = {7}
}
